<?xml version="1.0" encoding="UTF-8"?><collection xmlns="http://www.loc.gov/MARC21/slim"><record><leader>00573nam--2200193-i-4500</leader><controlfield tag="001">000005567</controlfield><controlfield tag="002">20161230</controlfield><controlfield tag="005">20161230201026</controlfield><controlfield tag="008">060222s1000------------r-----000-0-ger-d</controlfield><datafield ind1=" " ind2=" " tag="040"><subfield code="a">IFIN-HH</subfield></datafield><datafield ind1=" " ind2=" " tag="041"><subfield code="a">ger</subfield></datafield><datafield ind1=" " ind2=" " tag="080"><subfield code="a">535.3</subfield></datafield><datafield ind1="1" ind2=" " tag="100"><subfield code="a">Czerny, M</subfield></datafield><datafield ind1="1" ind2="0" tag="245"><subfield code="a">Tabellen der bruchteilfunktionen zum plankschen strahlungsgesetz. tables of te functional functions for the planck radiation law</subfield><subfield code="c">M. czerny, a. walther</subfield></datafield><datafield ind1=" " ind2=" " tag="260"><subfield code="a">Berlin</subfield><subfield code="b">Springer-verlag</subfield><subfield code="c">1961</subfield></datafield><datafield ind1=" " ind2=" " tag="300"><subfield code="a">VI+59P</subfield></datafield><datafield ind1="1" ind2=" " tag="700"><subfield code="a">Walther, A</subfield></datafield><datafield ind1=" " ind2=" " tag="852"><subfield code="a">16535</subfield><subfield code="c">53.081</subfield></datafield><datafield ind1=" " ind2=" " tag="CAT"><subfield code="a">Sys</subfield><subfield code="c">20151119</subfield><subfield code="h">133605</subfield></datafield></record></collection>